@manual{adaptive-ecosystems,
	author  = "Jim Highsmith",
	title   = "Agile Software Development Ecosystems",
	year    = "2002",
	month   = "April",
	day     = "5",
	pages   = "173-179",
	publisher = "Addison-Wesley Professional"
}

