@manual{vmodel-andrewpowell,
	author  = "Andrew Powell-Morse",
	title   = "V-Model: What is It And How Do You Use It?",
	year    = "2016",
	month   = "December",
	urldate = "2018-10-24",
	note    = "\href{https://airbrake.io/blog/sdlc/v-model}{URL}"
}

@manual{vmodel-geeksforgeeks,
	author  = "www.geeksforgeeks.org",
	title   = "Software Engineering | SDLC V-Model",
	urldate = "2018-10-24",
	note    = "\href{https://www.geeksforgeeks.org/software-engineering-sdlc-v-model/}{URL}"
}

@manual{vmodel-margaretrouse,
	author   = "Margaret Rouse",
	title    = "What is V-Model (Vee-Model)?",
	year     = "2016",
	month    = "June",
	urldate  = "2018-10-24",
	note     = "\href{https://searchsoftwarequality.techtarget.com/definition/V-Model}{URL}"
}

