@manual{sov-wikipedia,
	author  = "Wikipedia",
	title   = "1983 Soviet nuclear false alarm incident",
	note    = "\href{https://en.wikipedia.org/wiki/1983_Soviet_nuclear_false_alarm_incident}{URL}"
}

@manual{sov-militarystory,
	author  = "Military Story's editorial team",
	title   = "The day before: Stanislav Petrov and 1983 Soviet nuclear false alarm incident",
	year    = "2016",
	month   = "April",
	day     = "1",
	journal = "Military Story"
}

