@manual{y2k-wikipedia,
	title   = "Year 2000 problem",
	author  = "Wikipedia",
	urldate = "2018-10-5",
	note    = "\href{https://en.wikipedia.org/wiki/Year_2000_problem}{URL}"
}

@manual{y2k-marshallbrain,
	title   = "How the Year 2000 Problem Worked",
	author  = "Marshall Brain",
	year    = "2000",
	month   = "April",
	day     = "1",
	note    = "\href{https://computer.howstuffworks.com/y2k.htm}{URL}",
	journal = "howstuffworks"
}

@manual{y2k-britannica,
	title   = "Y2K bug",
	author  = "The Editors of Encyclop\ae dia Britannica",
	year    = "2011",
	month   = "December",
	day     = "16",
	note    = "\href{"https://www.britannica.com/technology/Y2K-bug"}{URL}",
	journal = "Encyclo\ae dia Britannica"
}

@manual{y2k-barnabyfeder,
	title   = "Fear of the Year 2000 Bug Is a Problem, Too",
	author  = "Barnaby {J. Feder}",
	year    = "1999",
	month   = "February",
	day     = "9",
	note    = "\href{https://www.nytimes.com/1999/02/09/business/fear-of-the-year-2000-bug-is-a-problem-too.html}{URL}",
	journal = "New York Times"
}

@manual{y2k-nationalgeo,
	title   = "Y2K Bug",
	author  = "Writers of National Geographic",
	year    = "2011",
	month   = "January",
	day     = "21",
	note    = "\href{https://www.nationalgeographic.org/encyclopedia/Y2K-bug/}{URL}"
}

