@manual{att-dennisburke1995,
	author = "Dennis Burke",
	title  = "All Circuits are Busy Now",
	year   = "1995",
	month  = "November",
	note   = "\href{http://users.csc.calpoly.edu/~jdalbey/SWE/Papers/att_collapse.html}{URL}"
}

@manual{att-popularscience1990,
	author  = "Christopher O'Malley",
	title   = "When the Computer Fails",
	year    = "1990",
	month   = "January",
	journal = "Popular Science",
	pages   = "84--90"
}

@manual{att-risksdigest,
	author   = "Peter {G. Neumann}",
	title    = "Cause of AT\& T Network Failure",
	year     = "1990",
	month    = "February",
	day      = "29",
	magazine = "The Risks Digest",
	volume   = "9",
	issue    = "62",
	note     = "\href{http://www.phworld.org/history/attcrash.htm}{URL}"
}
