@manual{adaptive-ecosystems,
	author  = "Jim Highsmith",
	title   = "Agile Software Development Ecosystems",
	year    = "2002",
	month   = "April",
	day     = "5",
	pages   = "173-179",
	publisher = "Addison-Wesley Professional"
}

@manual{adaptive-collaborative,
	author  = "James A. Highsmith",
	title   = "Adaptive Software Development: A Collaborative Approach to Managing Complex Systems",
	year    = "2013",
	month   = "July",
	publisher = "Addison-Wesley Professional"
}

@manual{adaptive-wikidot,
	author  = "adaptivesoftwaredevelopment.wikidot.com",
	title   = "Adaptive Software Development",
	year    = "2011",
	month   = "August",
	day     = "20",
	urldate = "2018-10-25",
	note    = "\href{http://adaptivesoftwaredevelopment.wikidot.com/}{URL}"
}

@manual{adaptive-wikipedia,
	author  = "Wikipedia",
	title   = "Adaptive Software Development",
	urldate = "2018-10-23",
	note    = "\href{https://en.wikipedia.org/wiki/Adaptive_software_development}{URL}"
}
