@manual{main-spolsky,
	title  = "The Law of Leaky Abstractions",
	author = "Joel Spolsky",
	year   = "2002",
	month  = "November",
	day    = "11",
	note   = "\href{https://www.joelonsoftware.com/2002/11/11/the-law-of-leaky-abstractions}{URL}"
}
